<?xml version="1.0" encoding="UTF-8"?><collection xmlns="http://www.loc.gov/MARC21/slim"><record><leader>00433nam--2200157-i-4500</leader><controlfield tag="001">000015892</controlfield><controlfield tag="002">20161230</controlfield><controlfield tag="005">20170102215142</controlfield><controlfield tag="008">060222s1000------------r-----000-0-eng-d</controlfield><datafield ind1=" " ind2=" " tag="100"><subfield code="a">Duican, Ilie</subfield></datafield><datafield ind1=" " ind2=" " tag="245"><subfield code="a">Transformari geometrice. (Culegere de probleme)</subfield></datafield><datafield ind1=" " ind2=" " tag="260"><subfield code="a">Bucuresti</subfield><subfield code="b">Editura Stiintifica Si Enciclopedica</subfield><subfield code="c">1987</subfield></datafield><datafield ind1=" " ind2=" " tag="300"><subfield code="a">206 p</subfield></datafield><datafield ind1=" " ind2=" " tag="700"><subfield code="a">Duican, Laurentiu</subfield></datafield><datafield ind1=" " ind2=" " tag="852"><subfield code="a">73963</subfield><subfield code="c">513</subfield></datafield><datafield ind1=" " ind2=" " tag="CAT"><subfield code="a">SYS</subfield><subfield code="c">20170102</subfield><subfield code="h">215142</subfield></datafield></record></collection>